% put bibtex entries here!
@Book{plotly,
    author = {Carson Sievert},
    title = {{Interactive Web-Based Data Visualizatio}n with R, plotly, and shiny},
    publisher = {Chapman and Hall/CRC},
    year = {2020},
    isbn = {9781138331457},
    url = {https://plotly-r.com},
  }

@Manual{crosstalk,
  title = {{crosstalk}: Inter-Widget Interactivity for HTML Widgets},
  author = {Joe Cheng and Carson Sievert},
  year = {2021},
  note = {R package version 1.1.1},
  url = {https://CRAN.R-project.org/package=crosstalk},
}

@article{RJ-2021-050,
  author = {Earo Wang and Dianne Cook},
  title = {Conversations in time: interactive visualisation to explore
          structured temporal data},
  year = {2021},
  journal = {The R Journal},
  doi = {10.32614/RJ-2021-050},
  url = {https://journal.r-project.org/archive/2021/RJ-2021-050/index.html}
}

@Manual{palmerpenguins,
  title = {{palmerpenguins}: Palmer Archipelago (Antarctica) penguin data},
  author = {Allison Marie Horst and Alison Presmanes Hill and Kristen B Gorman},
  year = {2020},
  note = {R package version 0.1.0},
  url = {https://allisonhorst.github.io/palmerpenguins/},
}

@article{buja_cook_asimov_hurley_2005, 
 title={Computational methods for high-dimensional rotations in data visualization}, 
 DOI={10.1016/s0169-7161(04)24014-7}, 
 journal={Handbook of Statistics}, 
 author={Buja, Andreas and Cook, Dianne and Asimov, Daniel and Hurley, Catherine}, 
 year={2005}, 
 pages={391–413}
 } 

@Book{matrix_computation,
    author = {Gene H. Golub and Charles F Van Loan},
    title = {Matrix computations},
    publisher = {Johns Hopkins University Press},
    year = {1989},
    isbn = {0801837723}
  }
  
@article{asimov_1985, 
 title={The grand tour: a tool for viewing multidimensional data}, 
 journal={SIAM J Sci Stat Comput 6(1)}, 
 author={Asimov, D.}, 
 year={1985}, 
 pages={128–143}
 }
 
@article{kruskal_1969, 
 title={Toward a practical method which helps uncover the structure of a set of observations by finding the line transformation which optimizes a new “index of condensation}, 
 journal={Statistical computation; New York, Academic Press}, 
 author={Kruskal, JB.}, 
 year={1969}, 
 pages={427-440}
 }
 
@Article{tourr,
    title = {{tourr}: An {R} Package for Exploring Multivariate Data
      with Projections},
    author = {Hadley Wickham and Dianne Cook and Heike Hofmann and
      Andreas Buja},
    journal = {Journal of Statistical Software},
    year = {2011},
    volume = {40},
    number = {2},
    pages = {1--18},
    url = {https://doi.org/10.18637/jss.v040.i02},
  }